@article{Czakon:2022dwk,
    author = "Czakon, Micha\l{} and Eschment, Felix and Schellenberger, Tom",
    title = "{Revisiting the double-soft asymptotics of one-loop amplitudes in massless QCD}",
    eprint = "2211.06465",
    archivePrefix = "arXiv",
    primaryClass = "hep-ph",
    doi = "10.1007/JHEP04(2023)065",
    journal = "JHEP",
    volume = "04",
    pages = "065",
    year = "2023"
}

@article{Czakon:2013hxa,
    author = "Czakon, M. and Fiedler, P.",
    title = "{The soft function for color octet production at threshold}",
    eprint = "1311.2541",
    archivePrefix = "arXiv",
    primaryClass = "hep-ph",
    reportNumber = "TTK-13-24",
    doi = "10.1016/j.nuclphysb.2013.12.008",
    journal = "Nucl. Phys. B",
    volume = "879",
    pages = "236--255",
    year = "2014"
}

@article{Duhr:2013msa,
    author = "Duhr, Claude and Gehrmann, Thomas",
    title = "{The two-loop soft current in dimensional regularization}",
    eprint = "1309.4393",
    archivePrefix = "arXiv",
    primaryClass = "hep-ph",
    reportNumber = "IPPP-13-70, DCPT-13-140, ZU-TH-18-13, NSF-KITP-13-176",
    doi = "10.1016/j.physletb.2013.10.063",
    journal = "Phys. Lett. B",
    volume = "727",
    pages = "452--455",
    year = "2013"
}

@article{Dixon:2019lnw,
    author = "Dixon, Lance J. and Herrmann, Enrico and Yan, Kai and Zhu, Hua Xing",
    title = "{Soft gluon emission at two loops in full color}",
    eprint = "1912.09370",
    archivePrefix = "arXiv",
    primaryClass = "hep-ph",
    reportNumber = "SLAC-PUB-17480, MPP-2019-255",
    doi = "10.1007/JHEP05(2020)135",
    journal = "JHEP",
    volume = "05",
    pages = "135",
    year = "2020",
    note = "[Erratum: JHEP 06, 143 (2024)]"
}

@article{Becher:2009cu,
    author = "Becher, Thomas and Neubert, Matthias",
    title = "{Infrared singularities of scattering amplitudes in perturbative QCD}",
    eprint = "0901.0722",
    archivePrefix = "arXiv",
    primaryClass = "hep-ph",
    reportNumber = "FERMILAB-PUB-09-002-T, MZ-TH-09-01",
    doi = "10.1103/PhysRevLett.102.162001",
    journal = "Phys. Rev. Lett.",
    volume = "102",
    pages = "162001",
    year = "2009",
    note = "[Erratum: Phys.Rev.Lett. 111, 199905 (2013)]"
}

@article{Cvitanovic:1976am,
    author = "Cvitanovic, Predrag",
    title = "{Group theory for Feynman diagrams in non-Abelian gauge theories}",
    reportNumber = "COO-2220-66",
    doi = "10.1103/PhysRevD.14.1536",
    journal = "Phys. Rev. D",
    volume = "14",
    pages = "1536--1553",
    year = "1976"
}



